# Look in cryptobib directory first for the paper you want to cite
# To prevent duplicating citations
# (even RFCs, NIST publications, etc. sometimes...)

@misc{eCTFOfficial,
    shorthand = {eCTF24},
    key = {eCTF},
    author = {{MITRE Corporation}},
    title = {{2024 eCTF: The 2024 MITRE Engenuity Embedded Capture the Flag Competition}},
    year = {2024},
    note = {\url{https://ectfmitre.gitlab.io/ectf-website/2024/index.html}}
}

@misc{TRNG,
  author = {{ARM Software}},
  title = {{TZ-TRNG: TrustZone True Number Generator}},
  url = {https://github.com/ARM-software/TZ-TRNG},
  note = {{GitHub Repository. ARM website: \url{https://www.arm.com/products/silicon-ip-security/random-number-generator}}}
}

@techreport{NIST-TRNG,
  title={NIST, SP 800--90B: Recommendation for the entropy sources used for random bit generation},
  author={Turan, Meltem Sonmez and Barker, Elaine and Kelsey, John and McKay, K and Baish, M and Boyle, Mike},
  year={2018},
  institution={Tech. Rep, National Institute for Standards and Technology}
}

@misc{rfc2104,
    series =    {Request for Comments},
    number =    2104,
    howpublished =  {RFC 2104},
    publisher = {RFC Editor},
    doi =       {10.17487/RFC2104},
    url =       {https://www.rfc-editor.org/info/rfc2104},
    author =    {Dr. Hugo Krawczyk and Mihir Bellare and Ran Canetti},
    title =     {{HMAC: Keyed-Hashing for Message Authentication}},
    pagetotal = 11,
    year =      1997,
    month =     feb
}

@INPROCEEDINGS{Najm2018ChaCha20,
  author={Najm, Zakaria and Jap, Dirmanto and Jungk, Bernhard and Picek, Stjepan and Bhasin, Shivam},
  booktitle={2018 IEEE Asia Pacific Conference on Circuits and Systems (APCCAS)}, 
  title={On Comparing Side-channel Properties of AES and ChaCha20 on Microcontrollers}, 
  year={2018},
  volume={},
  number={},
  pages={552-555},
  doi={10.1109/APCCAS.2018.8605653}
}

@misc{Mouha2013Salsa20,
      author = {Nicky Mouha and Bart Preneel},
      title = {{Towards Finding Optimal Differential Characteristics for ARX: Application to Salsa20}},
      howpublished = {Cryptology ePrint Archive, Paper 2013/328},
      year = {2013},
      note = {\url{https://eprint.iacr.org/2013/328}},
      url = {https://eprint.iacr.org/2013/328}
}

@INPROCEEDINGS{DeStatis2017ChaCha20,
  author={De Santis, Fabrizio and Schauer, Andreas and Sigl, Georg},
  booktitle={Design, Automation \& Test in Europe Conference \& Exhibition (DATE) 2017}, 
  title={{ChaCha20-Poly1305 authenticated encryption for high-speed embedded IoT applications}}, 
  year={2017},
  volume={},
  number={},
  pages={692-697},
  doi={10.23919/DATE.2017.7927078}}

@misc{rfc8439,
    series =    {Request for Comments},
    number =    8439,
    howpublished =  {RFC 8439},
    publisher = {RFC Editor},
    doi =       {10.17487/RFC8439},
    url =       {https://www.rfc-editor.org/info/rfc8439},
    author =    {Yoav Nir and Adam Langley},
    title =     {{ChaCha20 and Poly1305 for IETF Protocols}},
    pagetotal = 46,
    year =      2018,
    month =     jun,
}

@misc{PKIPinning,
    publisher = {OWASP Foundation},
    series = {OWASP Foundation},
    institution = {OWASP Foundation},
    note = {OWASP Foundation, LLC},
    url = {https://owasp.org/www-community/controls/Certificate_and_Public_Key_Pinning},
    author = {Jeffery Walton
                and John Steven
                and Jim Manico
                and Kevin Wall
                and Ricardo Iramar},
    title = {{Certificate and Public Key Pinning}},
    year = 2023,
    month = mar,
}

@INPROCEEDINGS{IEEESP:BCJZ21,
  author={Brendel, Jacqueline and Cremers, Cas and Jackson, Dennis and Zhao, Mang},
  booktitle={2021 IEEE Symposium on Security and Privacy (SP)}, 
  title={{The Provable Security of Ed25519: Theory and Practice}}, 
  year={2021},
  volume={},
  number={},
  pages={1659-1676},
  doi={10.1109/SP40001.2021.00042}
  %booktitle={2021 IEEE Symposium on Security and Privacy (SP)}, 
}

@misc{rfc8032,
    series =    {Request for Comments},
    number =    8032,
    howpublished =  {RFC 8032},
    publisher = {RFC Editor},
    doi =       {10.17487/RFC8032},
    url =       {https://www.rfc-editor.org/info/rfc8032},
    author =    {Simon Josefsson and Ilari Liusvaara},
    title =     {{Edwards-Curve Digital Signature Algorithm (EdDSA)}},
    pagetotal = 60,
    year =      2017,
    month =     jan,
}

@InProceedings{LCRYPT:FA19,
author="Fujii, Hayato
and Aranha, Diego F.",
editor="Lange, Tanja
and Dunkelman, Orr",
title={{Curve25519 for the Cortex-M4 and Beyond}},
booktitle="Progress in Cryptology -- LATINCRYPT 2017",
year="2017",
pages="109--127",
%isbn="978-3-030-25283-0"
%publisher="Springer International Publishing",
%address="Cham",
}

@inproceedings{SSHSoK:OKBAK23,
  author    = {Daniel Owens
               and Rabih El Khatib
               and Mojtaba Bisheh-Niasar
               and Reza Azarderakhsh},
  title     = {{Efficient and Side-Channel Resistant Ed25519 on ARM Cortex-M4}},
  year      = {2023},
  booktitle = {Safety and Security in Heterogeneous Open System-on-Chips Platform Workshop -- SSH-SoC 2023},
}

